[
    {
        "info": {
            "id": 465456,
            "price": "0.01614100",
            "qty": "2.85000000",
            "quoteQty": "0.04600185",
            "time": 1504520723015,
            "isBuyerMaker": false,
            "isBestMatch": true
        },
        "timestamp": 1504520723015,
        "datetime": "2017-09-04T10:25:23.015Z",
        "symbol": "LTC/BTC",
        "id": "465456",
        "side": "buy",
        "price": 0.016141,
        "amount": 2.85,
        "cost": 0.04600185
    },
    {
        "info": {
            "id": 465457,
            "price": "0.01614100",
            "qty": "10.01000000",
            "quoteQty": "0.16157141",
            "time": 1504520727229,
            "isBuyerMaker": false,
            "isBestMatch": true
        },
        "timestamp": 1504520727229,
        "datetime": "2017-09-04T10:25:27.229Z",
        "symbol": "LTC/BTC",
        "id": "465457",
        "side": "buy",
        "price": 0.016141,
        "amount": 10.01,
        "cost": 0.16157141
    },
    {
        "info": {
            "id": 465458,
            "price": "0.01614100",
            "qty": "10.01000000",
            "quoteQty": "0.16157141",
            "time": 1504520731577,
            "isBuyerMaker": false,
            "isBestMatch": true
        },
        "timestamp": 1504520731577,
        "datetime": "2017-09-04T10:25:31.577Z",
        "symbol": "LTC/BTC",
        "id": "465458",
        "side": "buy",
        "price": 0.016141,
        "amount": 10.01,
        "cost": 0.16157141
    },
    {
        "info": {
            "id": 465459,
            "price": "0.01614100",
            "qty": "1.00000000",
            "quoteQty": "0.01614100",
            "time": 1504520734969,
            "isBuyerMaker": false,
            "isBestMatch": true
        },
        "timestamp": 1504520734969,
        "datetime": "2017-09-04T10:25:34.969Z",
        "symbol": "LTC/BTC",
        "id": "465459",
        "side": "buy",
        "price": 0.016141,
        "amount": 1,
        "cost": 0.016141
    },
    {
        "info": {
            "id": 465460,
            "price": "0.01614100",
            "qty": "10.01000000",
            "quoteQty": "0.16157141",
            "time": 1504520735766,
            "isBuyerMaker": false,
            "isBestMatch": true
        },
        "timestamp": 1504520735766,
        "datetime": "2017-09-04T10:25:35.766Z",
        "symbol": "LTC/BTC",
        "id": "465460",
        "side": "buy",
        "price": 0.016141,
        "amount": 10.01,
        "cost": 0.16157141
    },
    {
        "info": {
            "id": 465461,
            "price": "0.01614100",
            "qty": "7.96000000",
            "quoteQty": "0.12848236",
            "time": 1504520748023,
            "isBuyerMaker": false,
            "isBestMatch": true
        },
        "timestamp": 1504520748023,
        "datetime": "2017-09-04T10:25:48.023Z",
        "symbol": "LTC/BTC",
        "id": "465461",
        "side": "buy",
        "price": 0.016141,
        "amount": 7.96,
        "cost": 0.12848236
    },
    {
        "info": {
            "id": 465462,
            "price": "0.01614100",
            "qty": "0.37000000",
            "quoteQty": "0.00597217",
            "time": 1504520748030,
            "isBuyerMaker": false,
            "isBestMatch": true
        },
        "timestamp": 1504520748030,
        "datetime": "2017-09-04T10:25:48.030Z",
        "symbol": "LTC/BTC",
        "id": "465462",
        "side": "buy",
        "price": 0.016141,
        "amount": 0.37,
        "cost": 0.00597217
    },
    {
        "info": {
            "id": 465463,
            "price": "0.01614100",
            "qty": "6.93000000",
            "quoteQty": "0.11185713",
            "time": 1504520748038,
            "isBuyerMaker": false,
            "isBestMatch": true
        },
        "timestamp": 1504520748038,
        "datetime": "2017-09-04T10:25:48.038Z",
        "symbol": "LTC/BTC",
        "id": "465463",
        "side": "buy",
        "price": 0.016141,
        "amount": 6.93,
        "cost": 0.11185712999999999
    },
    {
        "info": {
            "id": 465464,
            "price": "0.01614100",
            "qty": "0.86000000",
            "quoteQty": "0.01388126",
            "time": 1504520759226,
            "isBuyerMaker": false,
            "isBestMatch": true
        },
        "timestamp": 1504520759226,
        "datetime": "2017-09-04T10:25:59.226Z",
        "symbol": "LTC/BTC",
        "id": "465464",
        "side": "buy",
        "price": 0.016141,
        "amount": 0.86,
        "cost": 0.01388126
    },
    {
        "info": {
            "id": 465465,
            "price": "0.01619100",
            "qty": "0.14000000",
            "quoteQty": "0.00226674",
            "time": 1504520759226,
            "isBuyerMaker": false,
            "isBestMatch": true
        },
        "timestamp": 1504520759226,
        "datetime": "2017-09-04T10:25:59.226Z",
        "symbol": "LTC/BTC",
        "id": "465465",
        "side": "buy",
        "price": 0.016191,
        "amount": 0.14,
        "cost": 0.00226674
    },
    {
        "info": {
            "id": 465466,
            "price": "0.01619100",
            "qty": "2.45000000",
            "quoteQty": "0.03966795",
            "time": 1504520764754,
            "isBuyerMaker": false,
            "isBestMatch": true
        },
        "timestamp": 1504520764754,
        "datetime": "2017-09-04T10:26:04.754Z",
        "symbol": "LTC/BTC",
        "id": "465466",
        "side": "buy",
        "price": 0.016191,
        "amount": 2.45,
        "cost": 0.03966795000000001
    },
    {
        "info": {
            "id": 465467,
            "price": "0.01619100",
            "qty": "6.36000000",
            "quoteQty": "0.10297476",
            "time": 1504520766252,
            "isBuyerMaker": false,
            "isBestMatch": true
        },
        "timestamp": 1504520766252,
        "datetime": "2017-09-04T10:26:06.252Z",
        "symbol": "LTC/BTC",
        "id": "465467",
        "side": "buy",
        "price": 0.016191,
        "amount": 6.36,
        "cost": 0.10297476000000001
    },
    {
        "info": {
            "id": 465468,
            "price": "0.01619100",
            "qty": "10.01000000",
            "quoteQty": "0.16207191",
            "time": 1504520770745,
            "isBuyerMaker": false,
            "isBestMatch": true
        },
        "timestamp": 1504520770745,
        "datetime": "2017-09-04T10:26:10.745Z",
        "symbol": "LTC/BTC",
        "id": "465468",
        "side": "buy",
        "price": 0.016191,
        "amount": 10.01,
        "cost": 0.16207191
    },
    {
        "info": {
            "id": 465469,
            "price": "0.01619100",
            "qty": "2.45000000",
            "quoteQty": "0.03966795",
            "time": 1504520774382,
            "isBuyerMaker": false,
            "isBestMatch": true
        },
        "timestamp": 1504520774382,
        "datetime": "2017-09-04T10:26:14.382Z",
        "symbol": "LTC/BTC",
        "id": "465469",
        "side": "buy",
        "price": 0.016191,
        "amount": 2.45,
        "cost": 0.03966795000000001
    },
    {
        "info": {
            "id": 465470,
            "price": "0.01619100",
            "qty": "10.01000000",
            "quoteQty": "0.16207191",
            "time": 1504520775528,
            "isBuyerMaker": false,
            "isBestMatch": true
        },
        "timestamp": 1504520775528,
        "datetime": "2017-09-04T10:26:15.528Z",
        "symbol": "LTC/BTC",
        "id": "465470",
        "side": "buy",
        "price": 0.016191,
        "amount": 10.01,
        "cost": 0.16207191
    },
    {
        "info": {
            "id": 465471,
            "price": "0.01619100",
            "qty": "5.88000000",
            "quoteQty": "0.09520308",
            "time": 1504520777179,
            "isBuyerMaker": false,
            "isBestMatch": true
        },
        "timestamp": 1504520777179,
        "datetime": "2017-09-04T10:26:17.179Z",
        "symbol": "LTC/BTC",
        "id": "465471",
        "side": "buy",
        "price": 0.016191,
        "amount": 5.88,
        "cost": 0.09520308
    },
    {
        "info": {
            "id": 465472,
            "price": "0.01619100",
            "qty": "4.41000000",
            "quoteQty": "0.07140231",
            "time": 1504520777187,
            "isBuyerMaker": false,
            "isBestMatch": true
        },
        "timestamp": 1504520777187,
        "datetime": "2017-09-04T10:26:17.187Z",
        "symbol": "LTC/BTC",
        "id": "465472",
        "side": "buy",
        "price": 0.016191,
        "amount": 4.41,
        "cost": 0.07140231000000001
    },
    {
        "info": {
            "id": 465473,
            "price": "0.01619100",
            "qty": "10.01000000",
            "quoteQty": "0.16207191",
            "time": 1504520780274,
            "isBuyerMaker": false,
            "isBestMatch": true
        },
        "timestamp": 1504520780274,
        "datetime": "2017-09-04T10:26:20.274Z",
        "symbol": "LTC/BTC",
        "id": "465473",
        "side": "buy",
        "price": 0.016191,
        "amount": 10.01,
        "cost": 0.16207191
    },
    {
        "info": {
            "id": 465474,
            "price": "0.01619100",
            "qty": "8.68000000",
            "quoteQty": "0.14053788",
            "time": 1504520785394,
            "isBuyerMaker": false,
            "isBestMatch": true
        },
        "timestamp": 1504520785394,
        "datetime": "2017-09-04T10:26:25.394Z",
        "symbol": "LTC/BTC",
        "id": "465474",
        "side": "buy",
        "price": 0.016191,
        "amount": 8.68,
        "cost": 0.14053788
    },
    {
        "info": {
            "id": 465475,
            "price": "0.01619100",
            "qty": "1.33000000",
            "quoteQty": "0.02153403",
            "time": 1504520785394,
            "isBuyerMaker": false,
            "isBestMatch": true
        },
        "timestamp": 1504520785394,
        "datetime": "2017-09-04T10:26:25.394Z",
        "symbol": "LTC/BTC",
        "id": "465475",
        "side": "buy",
        "price": 0.016191,
        "amount": 1.33,
        "cost": 0.021534030000000003
    },
    {
        "info": {
            "id": 465476,
            "price": "0.01619100",
            "qty": "0.06000000",
            "quoteQty": "0.00097146",
            "time": 1504520806681,
            "isBuyerMaker": false,
            "isBestMatch": true
        },
        "timestamp": 1504520806681,
        "datetime": "2017-09-04T10:26:46.681Z",
        "symbol": "LTC/BTC",
        "id": "465476",
        "side": "buy",
        "price": 0.016191,
        "amount": 0.06,
        "cost": 0.0009714599999999999
    },
    {
        "info": {
            "id": 465477,
            "price": "0.01621800",
            "qty": "2.45000000",
            "quoteQty": "0.03973410",
            "time": 1504520840944,
            "isBuyerMaker": false,
            "isBestMatch": true
        },
        "timestamp": 1504520840944,
        "datetime": "2017-09-04T10:27:20.944Z",
        "symbol": "LTC/BTC",
        "id": "465477",
        "side": "buy",
        "price": 0.016218,
        "amount": 2.45,
        "cost": 0.0397341
    },
    {
        "info": {
            "id": 465478,
            "price": "0.01621300",
            "qty": "0.61000000",
            "quoteQty": "0.00988993",
            "time": 1504520849794,
            "isBuyerMaker": true,
            "isBestMatch": true
        },
        "timestamp": 1504520849794,
        "datetime": "2017-09-04T10:27:29.794Z",
        "symbol": "LTC/BTC",
        "id": "465478",
        "side": "sell",
        "price": 0.016213,
        "amount": 0.61,
        "cost": 0.009889930000000002
    },
    {
        "info": {
            "id": 465479,
            "price": "0.01620200",
            "qty": "0.82000000",
            "quoteQty": "0.01328564",
            "time": 1504520849870,
            "isBuyerMaker": true,
            "isBestMatch": true
        },
        "timestamp": 1504520849870,
        "datetime": "2017-09-04T10:27:29.870Z",
        "symbol": "LTC/BTC",
        "id": "465479",
        "side": "sell",
        "price": 0.016202,
        "amount": 0.82,
        "cost": 0.01328564
    },
    {
        "info": {
            "id": 465480,
            "price": "0.01620100",
            "qty": "0.54000000",
            "quoteQty": "0.00874854",
            "time": 1504520849925,
            "isBuyerMaker": true,
            "isBestMatch": true
        },
        "timestamp": 1504520849925,
        "datetime": "2017-09-04T10:27:29.925Z",
        "symbol": "LTC/BTC",
        "id": "465480",
        "side": "sell",
        "price": 0.016201,
        "amount": 0.54,
        "cost": 0.00874854
    },
    {
        "info": {
            "id": 465481,
            "price": "0.01621800",
            "qty": "2.45000000",
            "quoteQty": "0.03973410",
            "time": 1504520854077,
            "isBuyerMaker": false,
            "isBestMatch": true
        },
        "timestamp": 1504520854077,
        "datetime": "2017-09-04T10:27:34.077Z",
        "symbol": "LTC/BTC",
        "id": "465481",
        "side": "buy",
        "price": 0.016218,
        "amount": 2.45,
        "cost": 0.0397341
    },
    {
        "info": {
            "id": 465482,
            "price": "0.01621800",
            "qty": "10.01000000",
            "quoteQty": "0.16234218",
            "time": 1504520859572,
            "isBuyerMaker": false,
            "isBestMatch": true
        },
        "timestamp": 1504520859572,
        "datetime": "2017-09-04T10:27:39.572Z",
        "symbol": "LTC/BTC",
        "id": "465482",
        "side": "buy",
        "price": 0.016218,
        "amount": 10.01,
        "cost": 0.16234218
    },
    {
        "info": {
            "id": 465483,
            "price": "0.01621800",
            "qty": "10.01000000",
            "quoteQty": "0.16234218",
            "time": 1504520864758,
            "isBuyerMaker": false,
            "isBestMatch": true
        },
        "timestamp": 1504520864758,
        "datetime": "2017-09-04T10:27:44.758Z",
        "symbol": "LTC/BTC",
        "id": "465483",
        "side": "buy",
        "price": 0.016218,
        "amount": 10.01,
        "cost": 0.16234218
    },
    {
        "info": {
            "id": 465484,
            "price": "0.01619400",
            "qty": "0.22000000",
            "quoteQty": "0.00356268",
            "time": 1504520878330,
            "isBuyerMaker": true,
            "isBestMatch": true
        },
        "timestamp": 1504520878330,
        "datetime": "2017-09-04T10:27:58.330Z",
        "symbol": "LTC/BTC",
        "id": "465484",
        "side": "sell",
        "price": 0.016194,
        "amount": 0.22,
        "cost": 0.00356268
    },
    {
        "info": {
            "id": 465485,
            "price": "0.01621800",
            "qty": "2.13000000",
            "quoteQty": "0.03454434",
            "time": 1504520886556,
            "isBuyerMaker": false,
            "isBestMatch": true
        },
        "timestamp": 1504520886556,
        "datetime": "2017-09-04T10:28:06.556Z",
        "symbol": "LTC/BTC",
        "id": "465485",
        "side": "buy",
        "price": 0.016218,
        "amount": 2.13,
        "cost": 0.03454434
    },
    {
        "info": {
            "id": 465486,
            "price": "0.01623400",
            "qty": "1.40000000",
            "quoteQty": "0.02272760",
            "time": 1504520887194,
            "isBuyerMaker": true,
            "isBestMatch": true
        },
        "timestamp": 1504520887194,
        "datetime": "2017-09-04T10:28:07.194Z",
        "symbol": "LTC/BTC",
        "id": "465486",
        "side": "sell",
        "price": 0.016234,
        "amount": 1.4,
        "cost": 0.022727599999999997
    },
    {
        "info": {
            "id": 465487,
            "price": "0.01623400",
            "qty": "1.40000000",
            "quoteQty": "0.02272760",
            "time": 1504520887797,
            "isBuyerMaker": true,
            "isBestMatch": true
        },
        "timestamp": 1504520887797,
        "datetime": "2017-09-04T10:28:07.797Z",
        "symbol": "LTC/BTC",
        "id": "465487",
        "side": "sell",
        "price": 0.016234,
        "amount": 1.4,
        "cost": 0.022727599999999997
    },
    {
        "info": {
            "id": 465488,
            "price": "0.01623400",
            "qty": "1.40000000",
            "quoteQty": "0.02272760",
            "time": 1504520888383,
            "isBuyerMaker": true,
            "isBestMatch": true
        },
        "timestamp": 1504520888383,
        "datetime": "2017-09-04T10:28:08.383Z",
        "symbol": "LTC/BTC",
        "id": "465488",
        "side": "sell",
        "price": 0.016234,
        "amount": 1.4,
        "cost": 0.022727599999999997
    },
    {
        "info": {
            "id": 465489,
            "price": "0.01623400",
            "qty": "1.40000000",
            "quoteQty": "0.02272760",
            "time": 1504520888695,
            "isBuyerMaker": true,
            "isBestMatch": true
        },
        "timestamp": 1504520888695,
        "datetime": "2017-09-04T10:28:08.695Z",
        "symbol": "LTC/BTC",
        "id": "465489",
        "side": "sell",
        "price": 0.016234,
        "amount": 1.4,
        "cost": 0.022727599999999997
    },
    {
        "info": {
            "id": 465490,
            "price": "0.01623400",
            "qty": "1.40000000",
            "quoteQty": "0.02272760",
            "time": 1504520889550,
            "isBuyerMaker": true,
            "isBestMatch": true
        },
        "timestamp": 1504520889550,
        "datetime": "2017-09-04T10:28:09.550Z",
        "symbol": "LTC/BTC",
        "id": "465490",
        "side": "sell",
        "price": 0.016234,
        "amount": 1.4,
        "cost": 0.022727599999999997
    },
    {
        "info": {
            "id": 465491,
            "price": "0.01623400",
            "qty": "2.20000000",
            "quoteQty": "0.03571480",
            "time": 1504520890052,
            "isBuyerMaker": true,
            "isBestMatch": true
        },
        "timestamp": 1504520890052,
        "datetime": "2017-09-04T10:28:10.052Z",
        "symbol": "LTC/BTC",
        "id": "465491",
        "side": "sell",
        "price": 0.016234,
        "amount": 2.2,
        "cost": 0.0357148
    },
    {
        "info": {
            "id": 465492,
            "price": "0.01623400",
            "qty": "0.58000000",
            "quoteQty": "0.00941572",
            "time": 1504520891181,
            "isBuyerMaker": true,
            "isBestMatch": true
        },
        "timestamp": 1504520891181,
        "datetime": "2017-09-04T10:28:11.181Z",
        "symbol": "LTC/BTC",
        "id": "465492",
        "side": "sell",
        "price": 0.016234,
        "amount": 0.58,
        "cost": 0.009415719999999999
    },
    {
        "info": {
            "id": 465493,
            "price": "0.01619600",
            "qty": "0.22000000",
            "quoteQty": "0.00356312",
            "time": 1504520891181,
            "isBuyerMaker": true,
            "isBestMatch": true
        },
        "timestamp": 1504520891181,
        "datetime": "2017-09-04T10:28:11.181Z",
        "symbol": "LTC/BTC",
        "id": "465493",
        "side": "sell",
        "price": 0.016196,
        "amount": 0.22,
        "cost": 0.00356312
    },
    {
        "info": {
            "id": 465494,
            "price": "0.01619600",
            "qty": "0.08000000",
            "quoteQty": "0.00129568",
            "time": 1504520891935,
            "isBuyerMaker": true,
            "isBestMatch": true
        },
        "timestamp": 1504520891935,
        "datetime": "2017-09-04T10:28:11.935Z",
        "symbol": "LTC/BTC",
        "id": "465494",
        "side": "sell",
        "price": 0.016196,
        "amount": 0.08,
        "cost": 0.00129568
    },
    {
        "info": {
            "id": 465495,
            "price": "0.01619500",
            "qty": "0.72000000",
            "quoteQty": "0.01166040",
            "time": 1504520891935,
            "isBuyerMaker": true,
            "isBestMatch": true
        },
        "timestamp": 1504520891935,
        "datetime": "2017-09-04T10:28:11.935Z",
        "symbol": "LTC/BTC",
        "id": "465495",
        "side": "sell",
        "price": 0.016195,
        "amount": 0.72,
        "cost": 0.0116604
    },
    {
        "info": {
            "id": 465496,
            "price": "0.01619500",
            "qty": "1.60000000",
            "quoteQty": "0.02591200",
            "time": 1504520893361,
            "isBuyerMaker": true,
            "isBestMatch": true
        },
        "timestamp": 1504520893361,
        "datetime": "2017-09-04T10:28:13.361Z",
        "symbol": "LTC/BTC",
        "id": "465496",
        "side": "sell",
        "price": 0.016195,
        "amount": 1.6,
        "cost": 0.025912000000000004
    },
    {
        "info": {
            "id": 465497,
            "price": "0.01619500",
            "qty": "0.16000000",
            "quoteQty": "0.00259120",
            "time": 1504520893387,
            "isBuyerMaker": true,
            "isBestMatch": true
        },
        "timestamp": 1504520893387,
        "datetime": "2017-09-04T10:28:13.387Z",
        "symbol": "LTC/BTC",
        "id": "465497",
        "side": "sell",
        "price": 0.016195,
        "amount": 0.16,
        "cost": 0.0025912
    },
    {
        "info": {
            "id": 465498,
            "price": "0.01618400",
            "qty": "0.34000000",
            "quoteQty": "0.00550256",
            "time": 1504520893387,
            "isBuyerMaker": true,
            "isBestMatch": true
        },
        "timestamp": 1504520893387,
        "datetime": "2017-09-04T10:28:13.387Z",
        "symbol": "LTC/BTC",
        "id": "465498",
        "side": "sell",
        "price": 0.016184,
        "amount": 0.34,
        "cost": 0.005502560000000001
    },
    {
        "info": {
            "id": 465499,
            "price": "0.01618400",
            "qty": "0.50000000",
            "quoteQty": "0.00809200",
            "time": 1504520894913,
            "isBuyerMaker": true,
            "isBestMatch": true
        },
        "timestamp": 1504520894913,
        "datetime": "2017-09-04T10:28:14.913Z",
        "symbol": "LTC/BTC",
        "id": "465499",
        "side": "sell",
        "price": 0.016184,
        "amount": 0.5,
        "cost": 0.008092
    },
    {
        "info": {
            "id": 465500,
            "price": "0.01620900",
            "qty": "2.48000000",
            "quoteQty": "0.04019832",
            "time": 1504520953223,
            "isBuyerMaker": true,
            "isBestMatch": true
        },
        "timestamp": 1504520953223,
        "datetime": "2017-09-04T10:29:13.223Z",
        "symbol": "LTC/BTC",
        "id": "465500",
        "side": "sell",
        "price": 0.016209,
        "amount": 2.48,
        "cost": 0.04019832
    },
    {
        "info": {
            "id": 465501,
            "price": "0.01618500",
            "qty": "2.52000000",
            "quoteQty": "0.04078620",
            "time": 1504520953223,
            "isBuyerMaker": true,
            "isBestMatch": true
        },
        "timestamp": 1504520953223,
        "datetime": "2017-09-04T10:29:13.223Z",
        "symbol": "LTC/BTC",
        "id": "465501",
        "side": "sell",
        "price": 0.016185,
        "amount": 2.52,
        "cost": 0.0407862
    },
    {
        "info": {
            "id": 465502,
            "price": "0.01618500",
            "qty": "5.00000000",
            "quoteQty": "0.08092500",
            "time": 1504520958102,
            "isBuyerMaker": true,
            "isBestMatch": true
        },
        "timestamp": 1504520958102,
        "datetime": "2017-09-04T10:29:18.102Z",
        "symbol": "LTC/BTC",
        "id": "465502",
        "side": "sell",
        "price": 0.016185,
        "amount": 5,
        "cost": 0.08092500000000001
    },
    {
        "info": {
            "id": 465503,
            "price": "0.01621200",
            "qty": "0.12000000",
            "quoteQty": "0.00194544",
            "time": 1504520972159,
            "isBuyerMaker": false,
            "isBestMatch": true
        },
        "timestamp": 1504520972159,
        "datetime": "2017-09-04T10:29:32.159Z",
        "symbol": "LTC/BTC",
        "id": "465503",
        "side": "buy",
        "price": 0.016212,
        "amount": 0.12,
        "cost": 0.00194544
    },
    {
        "info": {
            "id": 465504,
            "price": "0.01621400",
            "qty": "2.45000000",
            "quoteQty": "0.03972430",
            "time": 1504521018707,
            "isBuyerMaker": false,
            "isBestMatch": true
        },
        "timestamp": 1504521018707,
        "datetime": "2017-09-04T10:30:18.707Z",
        "symbol": "LTC/BTC",
        "id": "465504",
        "side": "buy",
        "price": 0.016214,
        "amount": 2.45,
        "cost": 0.039724300000000004
    },
    {
        "info": {
            "id": 465505,
            "price": "0.01621400",
            "qty": "0.17000000",
            "quoteQty": "0.00275638",
            "time": 1504521021201,
            "isBuyerMaker": false,
            "isBestMatch": true
        },
        "timestamp": 1504521021201,
        "datetime": "2017-09-04T10:30:21.201Z",
        "symbol": "LTC/BTC",
        "id": "465505",
        "side": "buy",
        "price": 0.016214,
        "amount": 0.17,
        "cost": 0.00275638
    },
    {
        "info": {
            "id": 465506,
            "price": "0.01624400",
            "qty": "9.84000000",
            "quoteQty": "0.15984096",
            "time": 1504521021201,
            "isBuyerMaker": false,
            "isBestMatch": true
        },
        "timestamp": 1504521021201,
        "datetime": "2017-09-04T10:30:21.201Z",
        "symbol": "LTC/BTC",
        "id": "465506",
        "side": "buy",
        "price": 0.016244,
        "amount": 9.84,
        "cost": 0.15984096
    },
    {
        "info": {
            "id": 465507,
            "price": "0.01624400",
            "qty": "2.45000000",
            "quoteQty": "0.03979780",
            "time": 1504521042020,
            "isBuyerMaker": false,
            "isBestMatch": true
        },
        "timestamp": 1504521042020,
        "datetime": "2017-09-04T10:30:42.020Z",
        "symbol": "LTC/BTC",
        "id": "465507",
        "side": "buy",
        "price": 0.016244,
        "amount": 2.45,
        "cost": 0.03979780000000001
    },
    {
        "info": {
            "id": 465508,
            "price": "0.01624400",
            "qty": "2.45000000",
            "quoteQty": "0.03979780",
            "time": 1504521066615,
            "isBuyerMaker": false,
            "isBestMatch": true
        },
        "timestamp": 1504521066615,
        "datetime": "2017-09-04T10:31:06.615Z",
        "symbol": "LTC/BTC",
        "id": "465508",
        "side": "buy",
        "price": 0.016244,
        "amount": 2.45,
        "cost": 0.03979780000000001
    },
    {
        "info": {
            "id": 465509,
            "price": "0.01624400",
            "qty": "46.18000000",
            "quoteQty": "0.75014792",
            "time": 1504521072063,
            "isBuyerMaker": false,
            "isBestMatch": true
        },
        "timestamp": 1504521072063,
        "datetime": "2017-09-04T10:31:12.063Z",
        "symbol": "LTC/BTC",
        "id": "465509",
        "side": "buy",
        "price": 0.016244,
        "amount": 46.18,
        "cost": 0.7501479200000001
    },
    {
        "info": {
            "id": 465510,
            "price": "0.01623800",
            "qty": "0.46000000",
            "quoteQty": "0.00746948",
            "time": 1504521098013,
            "isBuyerMaker": true,
            "isBestMatch": true
        },
        "timestamp": 1504521098013,
        "datetime": "2017-09-04T10:31:38.013Z",
        "symbol": "LTC/BTC",
        "id": "465510",
        "side": "sell",
        "price": 0.016238,
        "amount": 0.46,
        "cost": 0.00746948
    },
    {
        "info": {
            "id": 465511,
            "price": "0.01622400",
            "qty": "0.07000000",
            "quoteQty": "0.00113568",
            "time": 1504521098013,
            "isBuyerMaker": true,
            "isBestMatch": true
        },
        "timestamp": 1504521098013,
        "datetime": "2017-09-04T10:31:38.013Z",
        "symbol": "LTC/BTC",
        "id": "465511",
        "side": "sell",
        "price": 0.016224,
        "amount": 0.07,
        "cost": 0.00113568
    },
    {
        "info": {
            "id": 465512,
            "price": "0.01618400",
            "qty": "14.47000000",
            "quoteQty": "0.23418248",
            "time": 1504521098013,
            "isBuyerMaker": true,
            "isBestMatch": true
        },
        "timestamp": 1504521098013,
        "datetime": "2017-09-04T10:31:38.013Z",
        "symbol": "LTC/BTC",
        "id": "465512",
        "side": "sell",
        "price": 0.016184,
        "amount": 14.47,
        "cost": 0.23418248000000003
    },
    {
        "info": {
            "id": 465513,
            "price": "0.01619300",
            "qty": "5.98000000",
            "quoteQty": "0.09683414",
            "time": 1504521115593,
            "isBuyerMaker": false,
            "isBestMatch": true
        },
        "timestamp": 1504521115593,
        "datetime": "2017-09-04T10:31:55.593Z",
        "symbol": "LTC/BTC",
        "id": "465513",
        "side": "buy",
        "price": 0.016193,
        "amount": 5.98,
        "cost": 0.09683414
    },
    {
        "info": {
            "id": 465514,
            "price": "0.01619300",
            "qty": "10.01000000",
            "quoteQty": "0.16209193",
            "time": 1504521120380,
            "isBuyerMaker": false,
            "isBestMatch": true
        },
        "timestamp": 1504521120380,
        "datetime": "2017-09-04T10:32:00.380Z",
        "symbol": "LTC/BTC",
        "id": "465514",
        "side": "buy",
        "price": 0.016193,
        "amount": 10.01,
        "cost": 0.16209193
    },
    {
        "info": {
            "id": 465515,
            "price": "0.01619300",
            "qty": "15.25000000",
            "quoteQty": "0.24694325",
            "time": 1504521122378,
            "isBuyerMaker": false,
            "isBestMatch": true
        },
        "timestamp": 1504521122378,
        "datetime": "2017-09-04T10:32:02.378Z",
        "symbol": "LTC/BTC",
        "id": "465515",
        "side": "buy",
        "price": 0.016193,
        "amount": 15.25,
        "cost": 0.24694324999999998
    },
    {
        "info": {
            "id": 465516,
            "price": "0.01618500",
            "qty": "2.40000000",
            "quoteQty": "0.03884400",
            "time": 1504521123545,
            "isBuyerMaker": true,
            "isBestMatch": true
        },
        "timestamp": 1504521123545,
        "datetime": "2017-09-04T10:32:03.545Z",
        "symbol": "LTC/BTC",
        "id": "465516",
        "side": "sell",
        "price": 0.016185,
        "amount": 2.4,
        "cost": 0.038844000000000004
    },
    {
        "info": {
            "id": 465517,
            "price": "0.01619300",
            "qty": "3.52000000",
            "quoteQty": "0.05699936",
            "time": 1504521123615,
            "isBuyerMaker": false,
            "isBestMatch": true
        },
        "timestamp": 1504521123615,
        "datetime": "2017-09-04T10:32:03.615Z",
        "symbol": "LTC/BTC",
        "id": "465517",
        "side": "buy",
        "price": 0.016193,
        "amount": 3.52,
        "cost": 0.05699936
    },
    {
        "info": {
            "id": 465518,
            "price": "0.01619300",
            "qty": "0.74000000",
            "quoteQty": "0.01198282",
            "time": 1504521123623,
            "isBuyerMaker": false,
            "isBestMatch": true
        },
        "timestamp": 1504521123623,
        "datetime": "2017-09-04T10:32:03.623Z",
        "symbol": "LTC/BTC",
        "id": "465518",
        "side": "buy",
        "price": 0.016193,
        "amount": 0.74,
        "cost": 0.01198282
    },
    {
        "info": {
            "id": 465519,
            "price": "0.01618500",
            "qty": "0.08000000",
            "quoteQty": "0.00129480",
            "time": 1504521123644,
            "isBuyerMaker": true,
            "isBestMatch": true
        },
        "timestamp": 1504521123644,
        "datetime": "2017-09-04T10:32:03.644Z",
        "symbol": "LTC/BTC",
        "id": "465519",
        "side": "sell",
        "price": 0.016185,
        "amount": 0.08,
        "cost": 0.0012948000000000002
    },
    {
        "info": {
            "id": 465520,
            "price": "0.01618400",
            "qty": "2.32000000",
            "quoteQty": "0.03754688",
            "time": 1504521123644,
            "isBuyerMaker": true,
            "isBestMatch": true
        },
        "timestamp": 1504521123644,
        "datetime": "2017-09-04T10:32:03.644Z",
        "symbol": "LTC/BTC",
        "id": "465520",
        "side": "sell",
        "price": 0.016184,
        "amount": 2.32,
        "cost": 0.03754688
    },
    {
        "info": {
            "id": 465521,
            "price": "0.01618400",
            "qty": "2.40000000",
            "quoteQty": "0.03884160",
            "time": 1504521124767,
            "isBuyerMaker": true,
            "isBestMatch": true
        },
        "timestamp": 1504521124767,
        "datetime": "2017-09-04T10:32:04.767Z",
        "symbol": "LTC/BTC",
        "id": "465521",
        "side": "sell",
        "price": 0.016184,
        "amount": 2.4,
        "cost": 0.0388416
    },
    {
        "info": {
            "id": 465522,
            "price": "0.01619300",
            "qty": "10.01000000",
            "quoteQty": "0.16209193",
            "time": 1504521124971,
            "isBuyerMaker": false,
            "isBestMatch": true
        },
        "timestamp": 1504521124971,
        "datetime": "2017-09-04T10:32:04.971Z",
        "symbol": "LTC/BTC",
        "id": "465522",
        "side": "buy",
        "price": 0.016193,
        "amount": 10.01,
        "cost": 0.16209193
    },
    {
        "info": {
            "id": 465523,
            "price": "0.01618400",
            "qty": "7.00000000",
            "quoteQty": "0.11328800",
            "time": 1504521125074,
            "isBuyerMaker": true,
            "isBestMatch": true
        },
        "timestamp": 1504521125074,
        "datetime": "2017-09-04T10:32:05.074Z",
        "symbol": "LTC/BTC",
        "id": "465523",
        "side": "sell",
        "price": 0.016184,
        "amount": 7,
        "cost": 0.113288
    },
    {
        "info": {
            "id": 465524,
            "price": "0.01618400",
            "qty": "3.50000000",
            "quoteQty": "0.05664400",
            "time": 1504521126118,
            "isBuyerMaker": true,
            "isBestMatch": true
        },
        "timestamp": 1504521126118,
        "datetime": "2017-09-04T10:32:06.118Z",
        "symbol": "LTC/BTC",
        "id": "465524",
        "side": "sell",
        "price": 0.016184,
        "amount": 3.5,
        "cost": 0.056644
    },
    {
        "info": {
            "id": 465525,
            "price": "0.01618400",
            "qty": "0.97000000",
            "quoteQty": "0.01569848",
            "time": 1504521126605,
            "isBuyerMaker": true,
            "isBestMatch": true
        },
        "timestamp": 1504521126605,
        "datetime": "2017-09-04T10:32:06.605Z",
        "symbol": "LTC/BTC",
        "id": "465525",
        "side": "sell",
        "price": 0.016184,
        "amount": 0.97,
        "cost": 0.01569848
    },
    {
        "info": {
            "id": 465526,
            "price": "0.01618400",
            "qty": "2.70000000",
            "quoteQty": "0.04369680",
            "time": 1504521126605,
            "isBuyerMaker": true,
            "isBestMatch": true
        },
        "timestamp": 1504521126605,
        "datetime": "2017-09-04T10:32:06.605Z",
        "symbol": "LTC/BTC",
        "id": "465526",
        "side": "sell",
        "price": 0.016184,
        "amount": 2.7,
        "cost": 0.0436968
    },
    {
        "info": {
            "id": 465527,
            "price": "0.01613100",
            "qty": "3.33000000",
            "quoteQty": "0.05371623",
            "time": 1504521126605,
            "isBuyerMaker": true,
            "isBestMatch": true
        },
        "timestamp": 1504521126605,
        "datetime": "2017-09-04T10:32:06.605Z",
        "symbol": "LTC/BTC",
        "id": "465527",
        "side": "sell",
        "price": 0.016131,
        "amount": 3.33,
        "cost": 0.05371623
    },
    {
        "info": {
            "id": 465528,
            "price": "0.01613100",
            "qty": "3.50000000",
            "quoteQty": "0.05645850",
            "time": 1504521126686,
            "isBuyerMaker": true,
            "isBestMatch": true
        },
        "timestamp": 1504521126686,
        "datetime": "2017-09-04T10:32:06.686Z",
        "symbol": "LTC/BTC",
        "id": "465528",
        "side": "sell",
        "price": 0.016131,
        "amount": 3.5,
        "cost": 0.056458499999999995
    },
    {
        "info": {
            "id": 465529,
            "price": "0.01613100",
            "qty": "3.60000000",
            "quoteQty": "0.05807160",
            "time": 1504521126970,
            "isBuyerMaker": true,
            "isBestMatch": true
        },
        "timestamp": 1504521126970,
        "datetime": "2017-09-04T10:32:06.970Z",
        "symbol": "LTC/BTC",
        "id": "465529",
        "side": "sell",
        "price": 0.016131,
        "amount": 3.6,
        "cost": 0.0580716
    },
    {
        "info": {
            "id": 465530,
            "price": "0.01613100",
            "qty": "3.50000000",
            "quoteQty": "0.05645850",
            "time": 1504521127041,
            "isBuyerMaker": true,
            "isBestMatch": true
        },
        "timestamp": 1504521127041,
        "datetime": "2017-09-04T10:32:07.041Z",
        "symbol": "LTC/BTC",
        "id": "465530",
        "side": "sell",
        "price": 0.016131,
        "amount": 3.5,
        "cost": 0.056458499999999995
    },
    {
        "info": {
            "id": 465531,
            "price": "0.01613100",
            "qty": "7.00000000",
            "quoteQty": "0.11291700",
            "time": 1504521127617,
            "isBuyerMaker": true,
            "isBestMatch": true
        },
        "timestamp": 1504521127617,
        "datetime": "2017-09-04T10:32:07.617Z",
        "symbol": "LTC/BTC",
        "id": "465531",
        "side": "sell",
        "price": 0.016131,
        "amount": 7,
        "cost": 0.11291699999999999
    },
    {
        "info": {
            "id": 465532,
            "price": "0.01613100",
            "qty": "1.82000000",
            "quoteQty": "0.02935842",
            "time": 1504521127907,
            "isBuyerMaker": true,
            "isBestMatch": true
        },
        "timestamp": 1504521127907,
        "datetime": "2017-09-04T10:32:07.907Z",
        "symbol": "LTC/BTC",
        "id": "465532",
        "side": "sell",
        "price": 0.016131,
        "amount": 1.82,
        "cost": 0.02935842
    },
    {
        "info": {
            "id": 465533,
            "price": "0.01612400",
            "qty": "3.60000000",
            "quoteQty": "0.05804640",
            "time": 1504521129514,
            "isBuyerMaker": false,
            "isBestMatch": true
        },
        "timestamp": 1504521129514,
        "datetime": "2017-09-04T10:32:09.514Z",
        "symbol": "LTC/BTC",
        "id": "465533",
        "side": "buy",
        "price": 0.016124,
        "amount": 3.6,
        "cost": 0.0580464
    },
    {
        "info": {
            "id": 465534,
            "price": "0.01612400",
            "qty": "2.00000000",
            "quoteQty": "0.03224800",
            "time": 1504521129514,
            "isBuyerMaker": false,
            "isBestMatch": true
        },
        "timestamp": 1504521129514,
        "datetime": "2017-09-04T10:32:09.514Z",
        "symbol": "LTC/BTC",
        "id": "465534",
        "side": "buy",
        "price": 0.016124,
        "amount": 2,
        "cost": 0.032248
    },
    {
        "info": {
            "id": 465535,
            "price": "0.01612400",
            "qty": "1.50000000",
            "quoteQty": "0.02418600",
            "time": 1504521129712,
            "isBuyerMaker": false,
            "isBestMatch": true
        },
        "timestamp": 1504521129712,
        "datetime": "2017-09-04T10:32:09.712Z",
        "symbol": "LTC/BTC",
        "id": "465535",
        "side": "buy",
        "price": 0.016124,
        "amount": 1.5,
        "cost": 0.024186
    },
    {
        "info": {
            "id": 465536,
            "price": "0.01612400",
            "qty": "7.00000000",
            "quoteQty": "0.11286800",
            "time": 1504521129712,
            "isBuyerMaker": false,
            "isBestMatch": true
        },
        "timestamp": 1504521129712,
        "datetime": "2017-09-04T10:32:09.712Z",
        "symbol": "LTC/BTC",
        "id": "465536",
        "side": "buy",
        "price": 0.016124,
        "amount": 7,
        "cost": 0.112868
    },
    {
        "info": {
            "id": 465537,
            "price": "0.01612500",
            "qty": "0.58000000",
            "quoteQty": "0.00935250",
            "time": 1504521129712,
            "isBuyerMaker": false,
            "isBestMatch": true
        },
        "timestamp": 1504521129712,
        "datetime": "2017-09-04T10:32:09.712Z",
        "symbol": "LTC/BTC",
        "id": "465537",
        "side": "buy",
        "price": 0.016125,
        "amount": 0.58,
        "cost": 0.0093525
    },
    {
        "info": {
            "id": 465538,
            "price": "0.01619300",
            "qty": "0.93000000",
            "quoteQty": "0.01505949",
            "time": 1504521129712,
            "isBuyerMaker": false,
            "isBestMatch": true
        },
        "timestamp": 1504521129712,
        "datetime": "2017-09-04T10:32:09.712Z",
        "symbol": "LTC/BTC",
        "id": "465538",
        "side": "buy",
        "price": 0.016193,
        "amount": 0.93,
        "cost": 0.01505949
    },
    {
        "info": {
            "id": 465539,
            "price": "0.01619200",
            "qty": "10.01000000",
            "quoteQty": "0.16208192",
            "time": 1504521134330,
            "isBuyerMaker": false,
            "isBestMatch": true
        },
        "timestamp": 1504521134330,
        "datetime": "2017-09-04T10:32:14.330Z",
        "symbol": "LTC/BTC",
        "id": "465539",
        "side": "buy",
        "price": 0.016192,
        "amount": 10.01,
        "cost": 0.16208192000000002
    },
    {
        "info": {
            "id": 465540,
            "price": "0.01619300",
            "qty": "0.60000000",
            "quoteQty": "0.00971580",
            "time": 1504521139336,
            "isBuyerMaker": false,
            "isBestMatch": true
        },
        "timestamp": 1504521139336,
        "datetime": "2017-09-04T10:32:19.336Z",
        "symbol": "LTC/BTC",
        "id": "465540",
        "side": "buy",
        "price": 0.016193,
        "amount": 0.6,
        "cost": 0.009715799999999998
    },
    {
        "info": {
            "id": 465541,
            "price": "0.01619300",
            "qty": "2.56000000",
            "quoteQty": "0.04145408",
            "time": 1504521140005,
            "isBuyerMaker": false,
            "isBestMatch": true
        },
        "timestamp": 1504521140005,
        "datetime": "2017-09-04T10:32:20.005Z",
        "symbol": "LTC/BTC",
        "id": "465541",
        "side": "buy",
        "price": 0.016193,
        "amount": 2.56,
        "cost": 0.04145408
    },
    {
        "info": {
            "id": 465542,
            "price": "0.01619300",
            "qty": "5.83000000",
            "quoteQty": "0.09440519",
            "time": 1504521145453,
            "isBuyerMaker": false,
            "isBestMatch": true
        },
        "timestamp": 1504521145453,
        "datetime": "2017-09-04T10:32:25.453Z",
        "symbol": "LTC/BTC",
        "id": "465542",
        "side": "buy",
        "price": 0.016193,
        "amount": 5.83,
        "cost": 0.09440519
    },
    {
        "info": {
            "id": 465543,
            "price": "0.01619300",
            "qty": "4.07000000",
            "quoteQty": "0.06590551",
            "time": 1504521150770,
            "isBuyerMaker": false,
            "isBestMatch": true
        },
        "timestamp": 1504521150770,
        "datetime": "2017-09-04T10:32:30.770Z",
        "symbol": "LTC/BTC",
        "id": "465543",
        "side": "buy",
        "price": 0.016193,
        "amount": 4.07,
        "cost": 0.06590551
    },
    {
        "info": {
            "id": 465544,
            "price": "0.01619700",
            "qty": "8.91000000",
            "quoteQty": "0.14431527",
            "time": 1504521155071,
            "isBuyerMaker": false,
            "isBestMatch": true
        },
        "timestamp": 1504521155071,
        "datetime": "2017-09-04T10:32:35.071Z",
        "symbol": "LTC/BTC",
        "id": "465544",
        "side": "buy",
        "price": 0.016197,
        "amount": 8.91,
        "cost": 0.14431527
    },
    {
        "info": {
            "id": 465545,
            "price": "0.01619700",
            "qty": "3.13000000",
            "quoteQty": "0.05069661",
            "time": 1504521160720,
            "isBuyerMaker": false,
            "isBestMatch": true
        },
        "timestamp": 1504521160720,
        "datetime": "2017-09-04T10:32:40.720Z",
        "symbol": "LTC/BTC",
        "id": "465545",
        "side": "buy",
        "price": 0.016197,
        "amount": 3.13,
        "cost": 0.050696609999999996
    },
    {
        "info": {
            "id": 465546,
            "price": "0.01617400",
            "qty": "7.00000000",
            "quoteQty": "0.11321800",
            "time": 1504521165707,
            "isBuyerMaker": true,
            "isBestMatch": true
        },
        "timestamp": 1504521165707,
        "datetime": "2017-09-04T10:32:45.707Z",
        "symbol": "LTC/BTC",
        "id": "465546",
        "side": "sell",
        "price": 0.016174,
        "amount": 7,
        "cost": 0.11321800000000001
    },
    {
        "info": {
            "id": 465547,
            "price": "0.01617400",
            "qty": "2.68000000",
            "quoteQty": "0.04334632",
            "time": 1504521165801,
            "isBuyerMaker": true,
            "isBestMatch": true
        },
        "timestamp": 1504521165801,
        "datetime": "2017-09-04T10:32:45.801Z",
        "symbol": "LTC/BTC",
        "id": "465547",
        "side": "sell",
        "price": 0.016174,
        "amount": 2.68,
        "cost": 0.04334632000000001
    },
    {
        "info": {
            "id": 465548,
            "price": "0.01615800",
            "qty": "2.10000000",
            "quoteQty": "0.03393180",
            "time": 1504521165872,
            "isBuyerMaker": true,
            "isBestMatch": true
        },
        "timestamp": 1504521165872,
        "datetime": "2017-09-04T10:32:45.872Z",
        "symbol": "LTC/BTC",
        "id": "465548",
        "side": "sell",
        "price": 0.016158,
        "amount": 2.1,
        "cost": 0.0339318
    },
    {
        "info": {
            "id": 465549,
            "price": "0.01615700",
            "qty": "10.33000000",
            "quoteQty": "0.16690181",
            "time": 1504521165940,
            "isBuyerMaker": true,
            "isBestMatch": true
        },
        "timestamp": 1504521165940,
        "datetime": "2017-09-04T10:32:45.940Z",
        "symbol": "LTC/BTC",
        "id": "465549",
        "side": "sell",
        "price": 0.016157,
        "amount": 10.33,
        "cost": 0.16690181
    },
    {
        "info": {
            "id": 465550,
            "price": "0.01614600",
            "qty": "2.49000000",
            "quoteQty": "0.04020354",
            "time": 1504521166400,
            "isBuyerMaker": true,
            "isBestMatch": true
        },
        "timestamp": 1504521166400,
        "datetime": "2017-09-04T10:32:46.400Z",
        "symbol": "LTC/BTC",
        "id": "465550",
        "side": "sell",
        "price": 0.016146,
        "amount": 2.49,
        "cost": 0.04020354
    },
    {
        "info": {
            "id": 465551,
            "price": "0.01614500",
            "qty": "0.11000000",
            "quoteQty": "0.00177595",
            "time": 1504521166400,
            "isBuyerMaker": true,
            "isBestMatch": true
        },
        "timestamp": 1504521166400,
        "datetime": "2017-09-04T10:32:46.400Z",
        "symbol": "LTC/BTC",
        "id": "465551",
        "side": "sell",
        "price": 0.016145,
        "amount": 0.11,
        "cost": 0.0017759499999999999
    },
    {
        "info": {
            "id": 465552,
            "price": "0.01617400",
            "qty": "7.00000000",
            "quoteQty": "0.11321800",
            "time": 1504521168189,
            "isBuyerMaker": false,
            "isBestMatch": true
        },
        "timestamp": 1504521168189,
        "datetime": "2017-09-04T10:32:48.189Z",
        "symbol": "LTC/BTC",
        "id": "465552",
        "side": "buy",
        "price": 0.016174,
        "amount": 7,
        "cost": 0.11321800000000001
    },
    {
        "info": {
            "id": 465553,
            "price": "0.01619700",
            "qty": "0.01000000",
            "quoteQty": "0.00016197",
            "time": 1504521168189,
            "isBuyerMaker": false,
            "isBestMatch": true
        },
        "timestamp": 1504521168189,
        "datetime": "2017-09-04T10:32:48.189Z",
        "symbol": "LTC/BTC",
        "id": "465553",
        "side": "buy",
        "price": 0.016197,
        "amount": 0.01,
        "cost": 0.00016197
    },
    {
        "info": {
            "id": 465554,
            "price": "0.01617100",
            "qty": "7.01000000",
            "quoteQty": "0.11335871",
            "time": 1504521172627,
            "isBuyerMaker": false,
            "isBestMatch": true
        },
        "timestamp": 1504521172627,
        "datetime": "2017-09-04T10:32:52.627Z",
        "symbol": "LTC/BTC",
        "id": "465554",
        "side": "buy",
        "price": 0.016171,
        "amount": 7.01,
        "cost": 0.11335871
    },
    {
        "info": {
            "id": 465555,
            "price": "0.01617100",
            "qty": "10.01000000",
            "quoteQty": "0.16187171",
            "time": 1504521177311,
            "isBuyerMaker": false,
            "isBestMatch": true
        },
        "timestamp": 1504521177311,
        "datetime": "2017-09-04T10:32:57.311Z",
        "symbol": "LTC/BTC",
        "id": "465555",
        "side": "buy",
        "price": 0.016171,
        "amount": 10.01,
        "cost": 0.16187171
    },
    {
        "info": {
            "id": 465556,
            "price": "0.01617100",
            "qty": "10.01000000",
            "quoteQty": "0.16187171",
            "time": 1504521181563,
            "isBuyerMaker": false,
            "isBestMatch": true
        },
        "timestamp": 1504521181563,
        "datetime": "2017-09-04T10:33:01.563Z",
        "symbol": "LTC/BTC",
        "id": "465556",
        "side": "buy",
        "price": 0.016171,
        "amount": 10.01,
        "cost": 0.16187171
    },
    {
        "info": {
            "id": 465557,
            "price": "0.01617100",
            "qty": "10.01000000",
            "quoteQty": "0.16187171",
            "time": 1504521186298,
            "isBuyerMaker": false,
            "isBestMatch": true
        },
        "timestamp": 1504521186298,
        "datetime": "2017-09-04T10:33:06.298Z",
        "symbol": "LTC/BTC",
        "id": "465557",
        "side": "buy",
        "price": 0.016171,
        "amount": 10.01,
        "cost": 0.16187171
    },
    {
        "info": {
            "id": 465558,
            "price": "0.01617100",
            "qty": "2.51000000",
            "quoteQty": "0.04058921",
            "time": 1504521189705,
            "isBuyerMaker": false,
            "isBestMatch": true
        },
        "timestamp": 1504521189705,
        "datetime": "2017-09-04T10:33:09.705Z",
        "symbol": "LTC/BTC",
        "id": "465558",
        "side": "buy",
        "price": 0.016171,
        "amount": 2.51,
        "cost": 0.04058921
    },
    {
        "info": {
            "id": 465559,
            "price": "0.01617100",
            "qty": "6.83000000",
            "quoteQty": "0.11044793",
            "time": 1504521190775,
            "isBuyerMaker": true,
            "isBestMatch": true
        },
        "timestamp": 1504521190775,
        "datetime": "2017-09-04T10:33:10.775Z",
        "symbol": "LTC/BTC",
        "id": "465559",
        "side": "sell",
        "price": 0.016171,
        "amount": 6.83,
        "cost": 0.11044793000000001
    },
    {
        "info": {
            "id": 465560,
            "price": "0.01615300",
            "qty": "2.34000000",
            "quoteQty": "0.03779802",
            "time": 1504521190775,
            "isBuyerMaker": true,
            "isBestMatch": true
        },
        "timestamp": 1504521190775,
        "datetime": "2017-09-04T10:33:10.775Z",
        "symbol": "LTC/BTC",
        "id": "465560",
        "side": "sell",
        "price": 0.016153,
        "amount": 2.34,
        "cost": 0.03779802
    },
    {
        "info": {
            "id": 465561,
            "price": "0.01614500",
            "qty": "31.04000000",
            "quoteQty": "0.50114080",
            "time": 1504521190775,
            "isBuyerMaker": true,
            "isBestMatch": true
        },
        "timestamp": 1504521190775,
        "datetime": "2017-09-04T10:33:10.775Z",
        "symbol": "LTC/BTC",
        "id": "465561",
        "side": "sell",
        "price": 0.016145,
        "amount": 31.04,
        "cost": 0.5011407999999999
    },
    {
        "info": {
            "id": 465562,
            "price": "0.01613200",
            "qty": "2.45000000",
            "quoteQty": "0.03952340",
            "time": 1504521215069,
            "isBuyerMaker": false,
            "isBestMatch": true
        },
        "timestamp": 1504521215069,
        "datetime": "2017-09-04T10:33:35.069Z",
        "symbol": "LTC/BTC",
        "id": "465562",
        "side": "buy",
        "price": 0.016132,
        "amount": 2.45,
        "cost": 0.03952340000000001
    },
    {
        "info": {
            "id": 465563,
            "price": "0.01611800",
            "qty": "3.90000000",
            "quoteQty": "0.06286020",
            "time": 1504521226950,
            "isBuyerMaker": true,
            "isBestMatch": true
        },
        "timestamp": 1504521226950,
        "datetime": "2017-09-04T10:33:46.950Z",
        "symbol": "LTC/BTC",
        "id": "465563",
        "side": "sell",
        "price": 0.016118,
        "amount": 3.9,
        "cost": 0.0628602
    },
    {
        "info": {
            "id": 465564,
            "price": "0.01610300",
            "qty": "0.48000000",
            "quoteQty": "0.00772944",
            "time": 1504521227019,
            "isBuyerMaker": true,
            "isBestMatch": true
        },
        "timestamp": 1504521227019,
        "datetime": "2017-09-04T10:33:47.019Z",
        "symbol": "LTC/BTC",
        "id": "465564",
        "side": "sell",
        "price": 0.016103,
        "amount": 0.48,
        "cost": 0.00772944
    },
    {
        "info": {
            "id": 465565,
            "price": "0.01613200",
            "qty": "1.45000000",
            "quoteQty": "0.02339140",
            "time": 1504521229621,
            "isBuyerMaker": false,
            "isBestMatch": true
        },
        "timestamp": 1504521229621,
        "datetime": "2017-09-04T10:33:49.621Z",
        "symbol": "LTC/BTC",
        "id": "465565",
        "side": "buy",
        "price": 0.016132,
        "amount": 1.45,
        "cost": 0.0233914
    },
    {
        "info": {
            "id": 465566,
            "price": "0.01617100",
            "qty": "2.45000000",
            "quoteQty": "0.03961895",
            "time": 1504521229621,
            "isBuyerMaker": false,
            "isBestMatch": true
        },
        "timestamp": 1504521229621,
        "datetime": "2017-09-04T10:33:49.621Z",
        "symbol": "LTC/BTC",
        "id": "465566",
        "side": "buy",
        "price": 0.016171,
        "amount": 2.45,
        "cost": 0.03961895000000001
    },
    {
        "info": {
            "id": 465567,
            "price": "0.01610700",
            "qty": "2.91000000",
            "quoteQty": "0.04687137",
            "time": 1504521237876,
            "isBuyerMaker": true,
            "isBestMatch": true
        },
        "timestamp": 1504521237876,
        "datetime": "2017-09-04T10:33:57.876Z",
        "symbol": "LTC/BTC",
        "id": "465567",
        "side": "sell",
        "price": 0.016107,
        "amount": 2.91,
        "cost": 0.04687137
    },
    {
        "info": {
            "id": 465568,
            "price": "0.01609800",
            "qty": "2.84000000",
            "quoteQty": "0.04571832",
            "time": 1504521237942,
            "isBuyerMaker": true,
            "isBestMatch": true
        },
        "timestamp": 1504521237942,
        "datetime": "2017-09-04T10:33:57.942Z",
        "symbol": "LTC/BTC",
        "id": "465568",
        "side": "sell",
        "price": 0.016098,
        "amount": 2.84,
        "cost": 0.04571832
    },
    {
        "info": {
            "id": 465569,
            "price": "0.01612600",
            "qty": "0.92000000",
            "quoteQty": "0.01483592",
            "time": 1504521250450,
            "isBuyerMaker": true,
            "isBestMatch": true
        },
        "timestamp": 1504521250450,
        "datetime": "2017-09-04T10:34:10.450Z",
        "symbol": "LTC/BTC",
        "id": "465569",
        "side": "sell",
        "price": 0.016126,
        "amount": 0.92,
        "cost": 0.014835920000000002
    },
    {
        "info": {
            "id": 465570,
            "price": "0.01612200",
            "qty": "1.64000000",
            "quoteQty": "0.02644008",
            "time": 1504521250511,
            "isBuyerMaker": true,
            "isBestMatch": true
        },
        "timestamp": 1504521250511,
        "datetime": "2017-09-04T10:34:10.511Z",
        "symbol": "LTC/BTC",
        "id": "465570",
        "side": "sell",
        "price": 0.016122,
        "amount": 1.64,
        "cost": 0.02644008
    },
    {
        "info": {
            "id": 465571,
            "price": "0.01612600",
            "qty": "1.69000000",
            "quoteQty": "0.02725294",
            "time": 1504521270828,
            "isBuyerMaker": true,
            "isBestMatch": true
        },
        "timestamp": 1504521270828,
        "datetime": "2017-09-04T10:34:30.828Z",
        "symbol": "LTC/BTC",
        "id": "465571",
        "side": "sell",
        "price": 0.016126,
        "amount": 1.69,
        "cost": 0.027252940000000003
    },
    {
        "info": {
            "id": 465572,
            "price": "0.01611900",
            "qty": "1.47000000",
            "quoteQty": "0.02369493",
            "time": 1504521270888,
            "isBuyerMaker": true,
            "isBestMatch": true
        },
        "timestamp": 1504521270888,
        "datetime": "2017-09-04T10:34:30.888Z",
        "symbol": "LTC/BTC",
        "id": "465572",
        "side": "sell",
        "price": 0.016119,
        "amount": 1.47,
        "cost": 0.023694930000000003
    },
    {
        "info": {
            "id": 465573,
            "price": "0.01609200",
            "qty": "19.25000000",
            "quoteQty": "0.30977100",
            "time": 1504521271783,
            "isBuyerMaker": true,
            "isBestMatch": true
        },
        "timestamp": 1504521271783,
        "datetime": "2017-09-04T10:34:31.783Z",
        "symbol": "LTC/BTC",
        "id": "465573",
        "side": "sell",
        "price": 0.016092,
        "amount": 19.25,
        "cost": 0.30977099999999996
    },
    {
        "info": {
            "id": 465574,
            "price": "0.01609200",
            "qty": "12.76000000",
            "quoteQty": "0.20533392",
            "time": 1504521273748,
            "isBuyerMaker": true,
            "isBestMatch": true
        },
        "timestamp": 1504521273748,
        "datetime": "2017-09-04T10:34:33.748Z",
        "symbol": "LTC/BTC",
        "id": "465574",
        "side": "sell",
        "price": 0.016092,
        "amount": 12.76,
        "cost": 0.20533391999999998
    },
    {
        "info": {
            "id": 465575,
            "price": "0.01608400",
            "qty": "5.28000000",
            "quoteQty": "0.08492352",
            "time": 1504521290775,
            "isBuyerMaker": false,
            "isBestMatch": true
        },
        "timestamp": 1504521290775,
        "datetime": "2017-09-04T10:34:50.775Z",
        "symbol": "LTC/BTC",
        "id": "465575",
        "side": "buy",
        "price": 0.016084,
        "amount": 5.28,
        "cost": 0.08492352000000002
    },
    {
        "info": {
            "id": 465576,
            "price": "0.01606700",
            "qty": "1.39000000",
            "quoteQty": "0.02233313",
            "time": 1504521290910,
            "isBuyerMaker": true,
            "isBestMatch": true
        },
        "timestamp": 1504521290910,
        "datetime": "2017-09-04T10:34:50.910Z",
        "symbol": "LTC/BTC",
        "id": "465576",
        "side": "sell",
        "price": 0.016067,
        "amount": 1.39,
        "cost": 0.02233313
    },
    {
        "info": {
            "id": 465577,
            "price": "0.01606000",
            "qty": "0.64000000",
            "quoteQty": "0.01027840",
            "time": 1504521290978,
            "isBuyerMaker": true,
            "isBestMatch": true
        },
        "timestamp": 1504521290978,
        "datetime": "2017-09-04T10:34:50.978Z",
        "symbol": "LTC/BTC",
        "id": "465577",
        "side": "sell",
        "price": 0.01606,
        "amount": 0.64,
        "cost": 0.010278400000000002
    },
    {
        "info": {
            "id": 465578,
            "price": "0.01605800",
            "qty": "0.08000000",
            "quoteQty": "0.00128464",
            "time": 1504521291046,
            "isBuyerMaker": true,
            "isBestMatch": true
        },
        "timestamp": 1504521291046,
        "datetime": "2017-09-04T10:34:51.046Z",
        "symbol": "LTC/BTC",
        "id": "465578",
        "side": "sell",
        "price": 0.016058,
        "amount": 0.08,
        "cost": 0.0012846399999999999
    },
    {
        "info": {
            "id": 465579,
            "price": "0.01608400",
            "qty": "0.62000000",
            "quoteQty": "0.00997208",
            "time": 1504521294711,
            "isBuyerMaker": false,
            "isBestMatch": true
        },
        "timestamp": 1504521294711,
        "datetime": "2017-09-04T10:34:54.711Z",
        "symbol": "LTC/BTC",
        "id": "465579",
        "side": "buy",
        "price": 0.016084,
        "amount": 0.62,
        "cost": 0.009972080000000001
    },
    {
        "info": {
            "id": 465580,
            "price": "0.01608200",
            "qty": "0.35000000",
            "quoteQty": "0.00562870",
            "time": 1504521305237,
            "isBuyerMaker": true,
            "isBestMatch": true
        },
        "timestamp": 1504521305237,
        "datetime": "2017-09-04T10:35:05.237Z",
        "symbol": "LTC/BTC",
        "id": "465580",
        "side": "sell",
        "price": 0.016082,
        "amount": 0.35,
        "cost": 0.0056286999999999995
    },
    {
        "info": {
            "id": 465581,
            "price": "0.01608400",
            "qty": "1.01000000",
            "quoteQty": "0.01624484",
            "time": 1504521310485,
            "isBuyerMaker": false,
            "isBestMatch": true
        },
        "timestamp": 1504521310485,
        "datetime": "2017-09-04T10:35:10.485Z",
        "symbol": "LTC/BTC",
        "id": "465581",
        "side": "buy",
        "price": 0.016084,
        "amount": 1.01,
        "cost": 0.01624484
    },
    {
        "info": {
            "id": 465582,
            "price": "0.01607900",
            "qty": "0.13000000",
            "quoteQty": "0.00209027",
            "time": 1504521318835,
            "isBuyerMaker": true,
            "isBestMatch": true
        },
        "timestamp": 1504521318835,
        "datetime": "2017-09-04T10:35:18.835Z",
        "symbol": "LTC/BTC",
        "id": "465582",
        "side": "sell",
        "price": 0.016079,
        "amount": 0.13,
        "cost": 0.00209027
    },
    {
        "info": {
            "id": 465583,
            "price": "0.01605200",
            "qty": "0.52000000",
            "quoteQty": "0.00834704",
            "time": 1504521318893,
            "isBuyerMaker": true,
            "isBestMatch": true
        },
        "timestamp": 1504521318893,
        "datetime": "2017-09-04T10:35:18.893Z",
        "symbol": "LTC/BTC",
        "id": "465583",
        "side": "sell",
        "price": 0.016052,
        "amount": 0.52,
        "cost": 0.00834704
    },
    {
        "info": {
            "id": 465584,
            "price": "0.01604800",
            "qty": "2.50000000",
            "quoteQty": "0.04012000",
            "time": 1504521319835,
            "isBuyerMaker": true,
            "isBestMatch": true
        },
        "timestamp": 1504521319835,
        "datetime": "2017-09-04T10:35:19.835Z",
        "symbol": "LTC/BTC",
        "id": "465584",
        "side": "sell",
        "price": 0.016048,
        "amount": 2.5,
        "cost": 0.04012
    },
    {
        "info": {
            "id": 465585,
            "price": "0.01604600",
            "qty": "7.86000000",
            "quoteQty": "0.12612156",
            "time": 1504521322082,
            "isBuyerMaker": true,
            "isBestMatch": true
        },
        "timestamp": 1504521322082,
        "datetime": "2017-09-04T10:35:22.082Z",
        "symbol": "LTC/BTC",
        "id": "465585",
        "side": "sell",
        "price": 0.016046,
        "amount": 7.86,
        "cost": 0.12612156000000002
    },
    {
        "info": {
            "id": 465586,
            "price": "0.01604600",
            "qty": "133.09000000",
            "quoteQty": "2.13556214",
            "time": 1504521322090,
            "isBuyerMaker": false,
            "isBestMatch": true
        },
        "timestamp": 1504521322090,
        "datetime": "2017-09-04T10:35:22.090Z",
        "symbol": "LTC/BTC",
        "id": "465586",
        "side": "buy",
        "price": 0.016046,
        "amount": 133.09,
        "cost": 2.13556214
    },
    {
        "info": {
            "id": 465587,
            "price": "0.01604800",
            "qty": "2.50000000",
            "quoteQty": "0.04012000",
            "time": 1504521322464,
            "isBuyerMaker": false,
            "isBestMatch": true
        },
        "timestamp": 1504521322464,
        "datetime": "2017-09-04T10:35:22.464Z",
        "symbol": "LTC/BTC",
        "id": "465587",
        "side": "buy",
        "price": 0.016048,
        "amount": 2.5,
        "cost": 0.04012
    },
    {
        "info": {
            "id": 465588,
            "price": "0.01608400",
            "qty": "0.01000000",
            "quoteQty": "0.00016084",
            "time": 1504521322464,
            "isBuyerMaker": false,
            "isBestMatch": true
        },
        "timestamp": 1504521322464,
        "datetime": "2017-09-04T10:35:22.464Z",
        "symbol": "LTC/BTC",
        "id": "465588",
        "side": "buy",
        "price": 0.016084,
        "amount": 0.01,
        "cost": 0.00016084
    },
    {
        "info": {
            "id": 465589,
            "price": "0.01606700",
            "qty": "0.28000000",
            "quoteQty": "0.00449876",
            "time": 1504521343214,
            "isBuyerMaker": false,
            "isBestMatch": true
        },
        "timestamp": 1504521343214,
        "datetime": "2017-09-04T10:35:43.214Z",
        "symbol": "LTC/BTC",
        "id": "465589",
        "side": "buy",
        "price": 0.016067,
        "amount": 0.28,
        "cost": 0.004498760000000001
    },
    {
        "info": {
            "id": 465590,
            "price": "0.01607600",
            "qty": "0.40000000",
            "quoteQty": "0.00643040",
            "time": 1504521343276,
            "isBuyerMaker": false,
            "isBestMatch": true
        },
        "timestamp": 1504521343276,
        "datetime": "2017-09-04T10:35:43.276Z",
        "symbol": "LTC/BTC",
        "id": "465590",
        "side": "buy",
        "price": 0.016076,
        "amount": 0.4,
        "cost": 0.0064304
    },
    {
        "info": {
            "id": 465591,
            "price": "0.01608000",
            "qty": "0.07000000",
            "quoteQty": "0.00112560",
            "time": 1504521343339,
            "isBuyerMaker": false,
            "isBestMatch": true
        },
        "timestamp": 1504521343339,
        "datetime": "2017-09-04T10:35:43.339Z",
        "symbol": "LTC/BTC",
        "id": "465591",
        "side": "buy",
        "price": 0.01608,
        "amount": 0.07,
        "cost": 0.0011256
    },
    {
        "info": {
            "id": 465592,
            "price": "0.01608400",
            "qty": "1.33000000",
            "quoteQty": "0.02139172",
            "time": 1504521355970,
            "isBuyerMaker": false,
            "isBestMatch": true
        },
        "timestamp": 1504521355970,
        "datetime": "2017-09-04T10:35:55.970Z",
        "symbol": "LTC/BTC",
        "id": "465592",
        "side": "buy",
        "price": 0.016084,
        "amount": 1.33,
        "cost": 0.021391720000000003
    },
    {
        "info": {
            "id": 465593,
            "price": "0.01608400",
            "qty": "2.46000000",
            "quoteQty": "0.03956664",
            "time": 1504521374236,
            "isBuyerMaker": false,
            "isBestMatch": true
        },
        "timestamp": 1504521374236,
        "datetime": "2017-09-04T10:36:14.236Z",
        "symbol": "LTC/BTC",
        "id": "465593",
        "side": "buy",
        "price": 0.016084,
        "amount": 2.46,
        "cost": 0.03956664
    },
    {
        "info": {
            "id": 465594,
            "price": "0.01605900",
            "qty": "1.77000000",
            "quoteQty": "0.02842443",
            "time": 1504521375073,
            "isBuyerMaker": true,
            "isBestMatch": true
        },
        "timestamp": 1504521375073,
        "datetime": "2017-09-04T10:36:15.073Z",
        "symbol": "LTC/BTC",
        "id": "465594",
        "side": "sell",
        "price": 0.016059,
        "amount": 1.77,
        "cost": 0.02842443
    },
    {
        "info": {
            "id": 465595,
            "price": "0.01608400",
            "qty": "1.41000000",
            "quoteQty": "0.02267844",
            "time": 1504521380752,
            "isBuyerMaker": false,
            "isBestMatch": true
        },
        "timestamp": 1504521380752,
        "datetime": "2017-09-04T10:36:20.752Z",
        "symbol": "LTC/BTC",
        "id": "465595",
        "side": "buy",
        "price": 0.016084,
        "amount": 1.41,
        "cost": 0.02267844
    },
    {
        "info": {
            "id": 465596,
            "price": "0.01608400",
            "qty": "1.66000000",
            "quoteQty": "0.02669944",
            "time": 1504521380760,
            "isBuyerMaker": false,
            "isBestMatch": true
        },
        "timestamp": 1504521380760,
        "datetime": "2017-09-04T10:36:20.760Z",
        "symbol": "LTC/BTC",
        "id": "465596",
        "side": "buy",
        "price": 0.016084,
        "amount": 1.66,
        "cost": 0.02669944
    },
    {
        "info": {
            "id": 465597,
            "price": "0.01608400",
            "qty": "1.61000000",
            "quoteQty": "0.02589524",
            "time": 1504521380767,
            "isBuyerMaker": false,
            "isBestMatch": true
        },
        "timestamp": 1504521380767,
        "datetime": "2017-09-04T10:36:20.767Z",
        "symbol": "LTC/BTC",
        "id": "465597",
        "side": "buy",
        "price": 0.016084,
        "amount": 1.61,
        "cost": 0.025895240000000003
    },
    {
        "info": {
            "id": 465598,
            "price": "0.01608400",
            "qty": "1.25000000",
            "quoteQty": "0.02010500",
            "time": 1504521394020,
            "isBuyerMaker": false,
            "isBestMatch": true
        },
        "timestamp": 1504521394020,
        "datetime": "2017-09-04T10:36:34.020Z",
        "symbol": "LTC/BTC",
        "id": "465598",
        "side": "buy",
        "price": 0.016084,
        "amount": 1.25,
        "cost": 0.020105
    },
    {
        "info": {
            "id": 465599,
            "price": "0.01613400",
            "qty": "1.21000000",
            "quoteQty": "0.01952214",
            "time": 1504521394020,
            "isBuyerMaker": false,
            "isBestMatch": true
        },
        "timestamp": 1504521394020,
        "datetime": "2017-09-04T10:36:34.020Z",
        "symbol": "LTC/BTC",
        "id": "465599",
        "side": "buy",
        "price": 0.016134,
        "amount": 1.21,
        "cost": 0.019522139999999997
    },
    {
        "info": {
            "id": 465600,
            "price": "0.01609100",
            "qty": "1.48000000",
            "quoteQty": "0.02381468",
            "time": 1504521406324,
            "isBuyerMaker": true,
            "isBestMatch": true
        },
        "timestamp": 1504521406324,
        "datetime": "2017-09-04T10:36:46.324Z",
        "symbol": "LTC/BTC",
        "id": "465600",
        "side": "sell",
        "price": 0.016091,
        "amount": 1.48,
        "cost": 0.02381468
    },
    {
        "info": {
            "id": 465601,
            "price": "0.01609200",
            "qty": "0.33000000",
            "quoteQty": "0.00531036",
            "time": 1504521427095,
            "isBuyerMaker": true,
            "isBestMatch": true
        },
        "timestamp": 1504521427095,
        "datetime": "2017-09-04T10:37:07.095Z",
        "symbol": "LTC/BTC",
        "id": "465601",
        "side": "sell",
        "price": 0.016092,
        "amount": 0.33,
        "cost": 0.00531036
    },
    {
        "info": {
            "id": 465602,
            "price": "0.01605600",
            "qty": "0.07000000",
            "quoteQty": "0.00112392",
            "time": 1504521442570,
            "isBuyerMaker": true,
            "isBestMatch": true
        },
        "timestamp": 1504521442570,
        "datetime": "2017-09-04T10:37:22.570Z",
        "symbol": "LTC/BTC",
        "id": "465602",
        "side": "sell",
        "price": 0.016056,
        "amount": 0.07,
        "cost": 0.0011239200000000003
    },
    {
        "info": {
            "id": 465603,
            "price": "0.01605600",
            "qty": "0.28000000",
            "quoteQty": "0.00449568",
            "time": 1504521442643,
            "isBuyerMaker": true,
            "isBestMatch": true
        },
        "timestamp": 1504521442643,
        "datetime": "2017-09-04T10:37:22.643Z",
        "symbol": "LTC/BTC",
        "id": "465603",
        "side": "sell",
        "price": 0.016056,
        "amount": 0.28,
        "cost": 0.004495680000000001
    },
    {
        "info": {
            "id": 465604,
            "price": "0.01608500",
            "qty": "0.71000000",
            "quoteQty": "0.01142035",
            "time": 1504521453572,
            "isBuyerMaker": true,
            "isBestMatch": true
        },
        "timestamp": 1504521453572,
        "datetime": "2017-09-04T10:37:33.572Z",
        "symbol": "LTC/BTC",
        "id": "465604",
        "side": "sell",
        "price": 0.016085,
        "amount": 0.71,
        "cost": 0.01142035
    },
    {
        "info": {
            "id": 465605,
            "price": "0.01607200",
            "qty": "0.91000000",
            "quoteQty": "0.01462552",
            "time": 1504521457103,
            "isBuyerMaker": true,
            "isBestMatch": true
        },
        "timestamp": 1504521457103,
        "datetime": "2017-09-04T10:37:37.103Z",
        "symbol": "LTC/BTC",
        "id": "465605",
        "side": "sell",
        "price": 0.016072,
        "amount": 0.91,
        "cost": 0.01462552
    },
    {
        "info": {
            "id": 465606,
            "price": "0.01605600",
            "qty": "3.77000000",
            "quoteQty": "0.06053112",
            "time": 1504521457103,
            "isBuyerMaker": true,
            "isBestMatch": true
        },
        "timestamp": 1504521457103,
        "datetime": "2017-09-04T10:37:37.103Z",
        "symbol": "LTC/BTC",
        "id": "465606",
        "side": "sell",
        "price": 0.016056,
        "amount": 3.77,
        "cost": 0.06053112
    },
    {
        "info": {
            "id": 465607,
            "price": "0.01605600",
            "qty": "0.07000000",
            "quoteQty": "0.00112392",
            "time": 1504521478934,
            "isBuyerMaker": false,
            "isBestMatch": true
        },
        "timestamp": 1504521478934,
        "datetime": "2017-09-04T10:37:58.934Z",
        "symbol": "LTC/BTC",
        "id": "465607",
        "side": "buy",
        "price": 0.016056,
        "amount": 0.07,
        "cost": 0.0011239200000000003
    },
    {
        "info": {
            "id": 465608,
            "price": "0.01605600",
            "qty": "0.03000000",
            "quoteQty": "0.00048168",
            "time": 1504521490907,
            "isBuyerMaker": false,
            "isBestMatch": true
        },
        "timestamp": 1504521490907,
        "datetime": "2017-09-04T10:38:10.907Z",
        "symbol": "LTC/BTC",
        "id": "465608",
        "side": "buy",
        "price": 0.016056,
        "amount": 0.03,
        "cost": 0.00048168
    },
    {
        "info": {
            "id": 465609,
            "price": "0.01605600",
            "qty": "0.91000000",
            "quoteQty": "0.01461096",
            "time": 1504521506396,
            "isBuyerMaker": true,
            "isBestMatch": true
        },
        "timestamp": 1504521506396,
        "datetime": "2017-09-04T10:38:26.396Z",
        "symbol": "LTC/BTC",
        "id": "465609",
        "side": "sell",
        "price": 0.016056,
        "amount": 0.91,
        "cost": 0.014610960000000001
    },
    {
        "info": {
            "id": 465610,
            "price": "0.01605600",
            "qty": "0.17000000",
            "quoteQty": "0.00272952",
            "time": 1504521519700,
            "isBuyerMaker": false,
            "isBestMatch": true
        },
        "timestamp": 1504521519700,
        "datetime": "2017-09-04T10:38:39.700Z",
        "symbol": "LTC/BTC",
        "id": "465610",
        "side": "buy",
        "price": 0.016056,
        "amount": 0.17,
        "cost": 0.0027295200000000005
    },
    {
        "info": {
            "id": 465611,
            "price": "0.01605600",
            "qty": "0.21000000",
            "quoteQty": "0.00337176",
            "time": 1504521519708,
            "isBuyerMaker": false,
            "isBestMatch": true
        },
        "timestamp": 1504521519708,
        "datetime": "2017-09-04T10:38:39.708Z",
        "symbol": "LTC/BTC",
        "id": "465611",
        "side": "buy",
        "price": 0.016056,
        "amount": 0.21,
        "cost": 0.00337176
    },
    {
        "info": {
            "id": 465612,
            "price": "0.01605600",
            "qty": "0.47000000",
            "quoteQty": "0.00754632",
            "time": 1504521519716,
            "isBuyerMaker": false,
            "isBestMatch": true
        },
        "timestamp": 1504521519716,
        "datetime": "2017-09-04T10:38:39.716Z",
        "symbol": "LTC/BTC",
        "id": "465612",
        "side": "buy",
        "price": 0.016056,
        "amount": 0.47,
        "cost": 0.00754632
    },
    {
        "info": {
            "id": 465613,
            "price": "0.01605600",
            "qty": "2.50000000",
            "quoteQty": "0.04014000",
            "time": 1504521527644,
            "isBuyerMaker": false,
            "isBestMatch": true
        },
        "timestamp": 1504521527644,
        "datetime": "2017-09-04T10:38:47.644Z",
        "symbol": "LTC/BTC",
        "id": "465613",
        "side": "buy",
        "price": 0.016056,
        "amount": 2.5,
        "cost": 0.04014
    },
    {
        "info": {
            "id": 465614,
            "price": "0.01605600",
            "qty": "4.84000000",
            "quoteQty": "0.07771104",
            "time": 1504521527684,
            "isBuyerMaker": false,
            "isBestMatch": true
        },
        "timestamp": 1504521527684,
        "datetime": "2017-09-04T10:38:47.684Z",
        "symbol": "LTC/BTC",
        "id": "465614",
        "side": "buy",
        "price": 0.016056,
        "amount": 4.84,
        "cost": 0.07771104
    },
    {
        "info": {
            "id": 465615,
            "price": "0.01608500",
            "qty": "2.51000000",
            "quoteQty": "0.04037335",
            "time": 1504521527684,
            "isBuyerMaker": false,
            "isBestMatch": true
        },
        "timestamp": 1504521527684,
        "datetime": "2017-09-04T10:38:47.684Z",
        "symbol": "LTC/BTC",
        "id": "465615",
        "side": "buy",
        "price": 0.016085,
        "amount": 2.51,
        "cost": 0.040373349999999995
    },
    {
        "info": {
            "id": 465616,
            "price": "0.01608500",
            "qty": "0.38000000",
            "quoteQty": "0.00611230",
            "time": 1504521551571,
            "isBuyerMaker": false,
            "isBestMatch": true
        },
        "timestamp": 1504521551571,
        "datetime": "2017-09-04T10:39:11.571Z",
        "symbol": "LTC/BTC",
        "id": "465616",
        "side": "buy",
        "price": 0.016085,
        "amount": 0.38,
        "cost": 0.006112299999999999
    },
    {
        "info": {
            "id": 465617,
            "price": "0.01605900",
            "qty": "0.56000000",
            "quoteQty": "0.00899304",
            "time": 1504521578694,
            "isBuyerMaker": true,
            "isBestMatch": true
        },
        "timestamp": 1504521578694,
        "datetime": "2017-09-04T10:39:38.694Z",
        "symbol": "LTC/BTC",
        "id": "465617",
        "side": "sell",
        "price": 0.016059,
        "amount": 0.56,
        "cost": 0.00899304
    },
    {
        "info": {
            "id": 465618,
            "price": "0.01605600",
            "qty": "0.07000000",
            "quoteQty": "0.00112392",
            "time": 1504521611037,
            "isBuyerMaker": true,
            "isBestMatch": true
        },
        "timestamp": 1504521611037,
        "datetime": "2017-09-04T10:40:11.037Z",
        "symbol": "LTC/BTC",
        "id": "465618",
        "side": "sell",
        "price": 0.016056,
        "amount": 0.07,
        "cost": 0.0011239200000000003
    },
    {
        "info": {
            "id": 465619,
            "price": "0.01605600",
            "qty": "0.21000000",
            "quoteQty": "0.00337176",
            "time": 1504521611111,
            "isBuyerMaker": true,
            "isBestMatch": true
        },
        "timestamp": 1504521611111,
        "datetime": "2017-09-04T10:40:11.111Z",
        "symbol": "LTC/BTC",
        "id": "465619",
        "side": "sell",
        "price": 0.016056,
        "amount": 0.21,
        "cost": 0.00337176
    },
    {
        "info": {
            "id": 465620,
            "price": "0.01608500",
            "qty": "8.80000000",
            "quoteQty": "0.14154800",
            "time": 1504521614186,
            "isBuyerMaker": false,
            "isBestMatch": true
        },
        "timestamp": 1504521614186,
        "datetime": "2017-09-04T10:40:14.186Z",
        "symbol": "LTC/BTC",
        "id": "465620",
        "side": "buy",
        "price": 0.016085,
        "amount": 8.8,
        "cost": 0.141548
    },
    {
        "info": {
            "id": 465621,
            "price": "0.01608500",
            "qty": "1.86000000",
            "quoteQty": "0.02991810",
            "time": 1504521620381,
            "isBuyerMaker": false,
            "isBestMatch": true
        },
        "timestamp": 1504521620381,
        "datetime": "2017-09-04T10:40:20.381Z",
        "symbol": "LTC/BTC",
        "id": "465621",
        "side": "buy",
        "price": 0.016085,
        "amount": 1.86,
        "cost": 0.0299181
    },
    {
        "info": {
            "id": 465622,
            "price": "0.01607800",
            "qty": "0.69000000",
            "quoteQty": "0.01109382",
            "time": 1504521620679,
            "isBuyerMaker": true,
            "isBestMatch": true
        },
        "timestamp": 1504521620679,
        "datetime": "2017-09-04T10:40:20.679Z",
        "symbol": "LTC/BTC",
        "id": "465622",
        "side": "sell",
        "price": 0.016078,
        "amount": 0.69,
        "cost": 0.011093819999999997
    },
    {
        "info": {
            "id": 465623,
            "price": "0.01605700",
            "qty": "2.68000000",
            "quoteQty": "0.04303276",
            "time": 1504521620741,
            "isBuyerMaker": true,
            "isBestMatch": true
        },
        "timestamp": 1504521620741,
        "datetime": "2017-09-04T10:40:20.741Z",
        "symbol": "LTC/BTC",
        "id": "465623",
        "side": "sell",
        "price": 0.016057,
        "amount": 2.68,
        "cost": 0.043032759999999996
    },
    {
        "info": {
            "id": 465624,
            "price": "0.01608500",
            "qty": "2.46000000",
            "quoteQty": "0.03956910",
            "time": 1504521631550,
            "isBuyerMaker": false,
            "isBestMatch": true
        },
        "timestamp": 1504521631550,
        "datetime": "2017-09-04T10:40:31.550Z",
        "symbol": "LTC/BTC",
        "id": "465624",
        "side": "buy",
        "price": 0.016085,
        "amount": 2.46,
        "cost": 0.039569099999999996
    },
    {
        "info": {
            "id": 465625,
            "price": "0.01608400",
            "qty": "2.80000000",
            "quoteQty": "0.04503520",
            "time": 1504521637798,
            "isBuyerMaker": true,
            "isBestMatch": true
        },
        "timestamp": 1504521637798,
        "datetime": "2017-09-04T10:40:37.798Z",
        "symbol": "LTC/BTC",
        "id": "465625",
        "side": "sell",
        "price": 0.016084,
        "amount": 2.8,
        "cost": 0.0450352
    },
    {
        "info": {
            "id": 465626,
            "price": "0.01608400",
            "qty": "0.40000000",
            "quoteQty": "0.00643360",
            "time": 1504521650693,
            "isBuyerMaker": true,
            "isBestMatch": true
        },
        "timestamp": 1504521650693,
        "datetime": "2017-09-04T10:40:50.693Z",
        "symbol": "LTC/BTC",
        "id": "465626",
        "side": "sell",
        "price": 0.016084,
        "amount": 0.4,
        "cost": 0.006433600000000001
    },
    {
        "info": {
            "id": 465627,
            "price": "0.01606100",
            "qty": "0.77000000",
            "quoteQty": "0.01236697",
            "time": 1504521650765,
            "isBuyerMaker": true,
            "isBestMatch": true
        },
        "timestamp": 1504521650765,
        "datetime": "2017-09-04T10:40:50.765Z",
        "symbol": "LTC/BTC",
        "id": "465627",
        "side": "sell",
        "price": 0.016061,
        "amount": 0.77,
        "cost": 0.01236697
    },
    {
        "info": {
            "id": 465628,
            "price": "0.01608500",
            "qty": "3.18000000",
            "quoteQty": "0.05115030",
            "time": 1504521656524,
            "isBuyerMaker": false,
            "isBestMatch": true
        },
        "timestamp": 1504521656524,
        "datetime": "2017-09-04T10:40:56.524Z",
        "symbol": "LTC/BTC",
        "id": "465628",
        "side": "buy",
        "price": 0.016085,
        "amount": 3.18,
        "cost": 0.051150299999999996
    },
    {
        "info": {
            "id": 465629,
            "price": "0.01606400",
            "qty": "0.45000000",
            "quoteQty": "0.00722880",
            "time": 1504521660219,
            "isBuyerMaker": true,
            "isBestMatch": true
        },
        "timestamp": 1504521660219,
        "datetime": "2017-09-04T10:41:00.219Z",
        "symbol": "LTC/BTC",
        "id": "465629",
        "side": "sell",
        "price": 0.016064,
        "amount": 0.45,
        "cost": 0.0072288
    },
    {
        "info": {
            "id": 465630,
            "price": "0.01605600",
            "qty": "1.12000000",
            "quoteQty": "0.01798272",
            "time": 1504521660291,
            "isBuyerMaker": true,
            "isBestMatch": true
        },
        "timestamp": 1504521660291,
        "datetime": "2017-09-04T10:41:00.291Z",
        "symbol": "LTC/BTC",
        "id": "465630",
        "side": "sell",
        "price": 0.016056,
        "amount": 1.12,
        "cost": 0.017982720000000004
    },
    {
        "info": {
            "id": 465631,
            "price": "0.01608500",
            "qty": "2.74000000",
            "quoteQty": "0.04407290",
            "time": 1504521665993,
            "isBuyerMaker": false,
            "isBestMatch": true
        },
        "timestamp": 1504521665993,
        "datetime": "2017-09-04T10:41:05.993Z",
        "symbol": "LTC/BTC",
        "id": "465631",
        "side": "buy",
        "price": 0.016085,
        "amount": 2.74,
        "cost": 0.0440729
    },
    {
        "info": {
            "id": 465632,
            "price": "0.01608200",
            "qty": "0.75000000",
            "quoteQty": "0.01206150",
            "time": 1504521707640,
            "isBuyerMaker": true,
            "isBestMatch": true
        },
        "timestamp": 1504521707640,
        "datetime": "2017-09-04T10:41:47.640Z",
        "symbol": "LTC/BTC",
        "id": "465632",
        "side": "sell",
        "price": 0.016082,
        "amount": 0.75,
        "cost": 0.0120615
    },
    {
        "info": {
            "id": 465633,
            "price": "0.01608500",
            "qty": "2.46000000",
            "quoteQty": "0.03956910",
            "time": 1504521713493,
            "isBuyerMaker": false,
            "isBestMatch": true
        },
        "timestamp": 1504521713493,
        "datetime": "2017-09-04T10:41:53.493Z",
        "symbol": "LTC/BTC",
        "id": "465633",
        "side": "buy",
        "price": 0.016085,
        "amount": 2.46,
        "cost": 0.039569099999999996
    },
    {
        "info": {
            "id": 465634,
            "price": "0.01608200",
            "qty": "0.41000000",
            "quoteQty": "0.00659362",
            "time": 1504521717654,
            "isBuyerMaker": true,
            "isBestMatch": true
        },
        "timestamp": 1504521717654,
        "datetime": "2017-09-04T10:41:57.654Z",
        "symbol": "LTC/BTC",
        "id": "465634",
        "side": "sell",
        "price": 0.016082,
        "amount": 0.41,
        "cost": 0.006593619999999999
    },
    {
        "info": {
            "id": 465635,
            "price": "0.01606100",
            "qty": "1.54000000",
            "quoteQty": "0.02473394",
            "time": 1504521717721,
            "isBuyerMaker": true,
            "isBestMatch": true
        },
        "timestamp": 1504521717721,
        "datetime": "2017-09-04T10:41:57.721Z",
        "symbol": "LTC/BTC",
        "id": "465635",
        "side": "sell",
        "price": 0.016061,
        "amount": 1.54,
        "cost": 0.02473394
    },
    {
        "info": {
            "id": 465636,
            "price": "0.01605700",
            "qty": "1.29000000",
            "quoteQty": "0.02071353",
            "time": 1504521717787,
            "isBuyerMaker": true,
            "isBestMatch": true
        },
        "timestamp": 1504521717787,
        "datetime": "2017-09-04T10:41:57.787Z",
        "symbol": "LTC/BTC",
        "id": "465636",
        "side": "sell",
        "price": 0.016057,
        "amount": 1.29,
        "cost": 0.020713529999999997
    },
    {
        "info": {
            "id": 465637,
            "price": "0.01605900",
            "qty": "0.15000000",
            "quoteQty": "0.00240885",
            "time": 1504521738308,
            "isBuyerMaker": false,
            "isBestMatch": true
        },
        "timestamp": 1504521738308,
        "datetime": "2017-09-04T10:42:18.308Z",
        "symbol": "LTC/BTC",
        "id": "465637",
        "side": "buy",
        "price": 0.016059,
        "amount": 0.15,
        "cost": 0.00240885
    },
    {
        "info": {
            "id": 465638,
            "price": "0.01606800",
            "qty": "0.07000000",
            "quoteQty": "0.00112476",
            "time": 1504521738367,
            "isBuyerMaker": false,
            "isBestMatch": true
        },
        "timestamp": 1504521738367,
        "datetime": "2017-09-04T10:42:18.367Z",
        "symbol": "LTC/BTC",
        "id": "465638",
        "side": "buy",
        "price": 0.016068,
        "amount": 0.07,
        "cost": 0.00112476
    },
    {
        "info": {
            "id": 465639,
            "price": "0.01606900",
            "qty": "0.98000000",
            "quoteQty": "0.01574762",
            "time": 1504521738434,
            "isBuyerMaker": false,
            "isBestMatch": true
        },
        "timestamp": 1504521738434,
        "datetime": "2017-09-04T10:42:18.434Z",
        "symbol": "LTC/BTC",
        "id": "465639",
        "side": "buy",
        "price": 0.016069,
        "amount": 0.98,
        "cost": 0.01574762
    },
    {
        "info": {
            "id": 465640,
            "price": "0.01605900",
            "qty": "0.29000000",
            "quoteQty": "0.00465711",
            "time": 1504521748137,
            "isBuyerMaker": false,
            "isBestMatch": true
        },
        "timestamp": 1504521748137,
        "datetime": "2017-09-04T10:42:28.137Z",
        "symbol": "LTC/BTC",
        "id": "465640",
        "side": "buy",
        "price": 0.016059,
        "amount": 0.29,
        "cost": 0.00465711
    },
    {
        "info": {
            "id": 465641,
            "price": "0.01608400",
            "qty": "0.14000000",
            "quoteQty": "0.00225176",
            "time": 1504521748137,
            "isBuyerMaker": false,
            "isBestMatch": true
        },
        "timestamp": 1504521748137,
        "datetime": "2017-09-04T10:42:28.137Z",
        "symbol": "LTC/BTC",
        "id": "465641",
        "side": "buy",
        "price": 0.016084,
        "amount": 0.14,
        "cost": 0.0022517600000000002
    },
    {
        "info": {
            "id": 465642,
            "price": "0.01608500",
            "qty": "3.17000000",
            "quoteQty": "0.05098945",
            "time": 1504521748137,
            "isBuyerMaker": false,
            "isBestMatch": true
        },
        "timestamp": 1504521748137,
        "datetime": "2017-09-04T10:42:28.137Z",
        "symbol": "LTC/BTC",
        "id": "465642",
        "side": "buy",
        "price": 0.016085,
        "amount": 3.17,
        "cost": 0.05098944999999999
    },
    {
        "info": {
            "id": 465643,
            "price": "0.01608500",
            "qty": "0.43000000",
            "quoteQty": "0.00691655",
            "time": 1504521752931,
            "isBuyerMaker": false,
            "isBestMatch": true
        },
        "timestamp": 1504521752931,
        "datetime": "2017-09-04T10:42:32.931Z",
        "symbol": "LTC/BTC",
        "id": "465643",
        "side": "buy",
        "price": 0.016085,
        "amount": 0.43,
        "cost": 0.00691655
    },
    {
        "info": {
            "id": 465644,
            "price": "0.01613400",
            "qty": "2.03000000",
            "quoteQty": "0.03275202",
            "time": 1504521752931,
            "isBuyerMaker": false,
            "isBestMatch": true
        },
        "timestamp": 1504521752931,
        "datetime": "2017-09-04T10:42:32.931Z",
        "symbol": "LTC/BTC",
        "id": "465644",
        "side": "buy",
        "price": 0.016134,
        "amount": 2.03,
        "cost": 0.03275201999999999
    },
    {
        "info": {
            "id": 465645,
            "price": "0.01609200",
            "qty": "0.07000000",
            "quoteQty": "0.00112644",
            "time": 1504521769338,
            "isBuyerMaker": true,
            "isBestMatch": true
        },
        "timestamp": 1504521769338,
        "datetime": "2017-09-04T10:42:49.338Z",
        "symbol": "LTC/BTC",
        "id": "465645",
        "side": "sell",
        "price": 0.016092,
        "amount": 0.07,
        "cost": 0.00112644
    },
    {
        "info": {
            "id": 465646,
            "price": "0.01608800",
            "qty": "0.57000000",
            "quoteQty": "0.00917016",
            "time": 1504521769338,
            "isBuyerMaker": true,
            "isBestMatch": true
        },
        "timestamp": 1504521769338,
        "datetime": "2017-09-04T10:42:49.338Z",
        "symbol": "LTC/BTC",
        "id": "465646",
        "side": "sell",
        "price": 0.016088,
        "amount": 0.57,
        "cost": 0.00917016
    },
    {
        "info": {
            "id": 465647,
            "price": "0.01606900",
            "qty": "0.11000000",
            "quoteQty": "0.00176759",
            "time": 1504521769338,
            "isBuyerMaker": true,
            "isBestMatch": true
        },
        "timestamp": 1504521769338,
        "datetime": "2017-09-04T10:42:49.338Z",
        "symbol": "LTC/BTC",
        "id": "465647",
        "side": "sell",
        "price": 0.016069,
        "amount": 0.11,
        "cost": 0.00176759
    },
    {
        "info": {
            "id": 465648,
            "price": "0.01613400",
            "qty": "24.07000000",
            "quoteQty": "0.38834538",
            "time": 1504521796471,
            "isBuyerMaker": false,
            "isBestMatch": true
        },
        "timestamp": 1504521796471,
        "datetime": "2017-09-04T10:43:16.471Z",
        "symbol": "LTC/BTC",
        "id": "465648",
        "side": "buy",
        "price": 0.016134,
        "amount": 24.07,
        "cost": 0.38834537999999996
    },
    {
        "info": {
            "id": 465649,
            "price": "0.01613400",
            "qty": "0.10000000",
